<record xmlns='http://www.loc.gov/MARC21/slim'><leader>01322cim a22003492u 4500</leader><controlfield tag='001'>3602318</controlfield><controlfield tag='005'>20151214183108.0</controlfield><controlfield tag='007'>ss|lmnjluz|nuu</controlfield><controlfield tag='008'>991101s1981    nyunnn         l    eng d</controlfield><datafield ind1=' ' ind2=' ' tag='035'><subfield code='a'>(NIC)notisASF9383</subfield></datafield><datafield ind1=' ' ind2=' ' tag='035'><subfield code='a'>3602318</subfield></datafield><datafield ind1=' ' ind2=' ' tag='035'><subfield code='a'>(OCoLC)63899191</subfield></datafield><datafield ind1=' ' ind2=' ' tag='040'><subfield code='a'>NIC</subfield><subfield code='c'>NIC</subfield><subfield code='d'>NIC</subfield><subfield code='d'>NIC</subfield></datafield><datafield ind1='1' ind2=' ' tag='100'><subfield code='a'>Hoffman, Abbie.</subfield></datafield><datafield ind1='1' ind2='0' tag='245'><subfield code='a'>[Abbie Hoffman speaks at Cornell.]</subfield><subfield code='h'>[sound recording]</subfield></datafield><datafield ind1=' ' ind2=' ' tag='260'><subfield code='c'>1981.</subfield></datafield><datafield ind1=' ' ind2=' ' tag='300'><subfield code='a'>2 sound cassettes (170 min.) :</subfield><subfield code='b'>analog, mono.</subfield></datafield><datafield ind1=' ' ind2=' ' tag='500'><subfield code='a'>Recorded in Ithaca, NY by Cornell University.</subfield></datafield><datafield ind1=' ' ind2=' ' tag='518'><subfield code='a'>Lecture, December 7, 1981.</subfield></datafield><datafield ind1=' ' ind2=' ' tag='520'><subfield code='a'>This recording includes approximately 30 min. of a press conference given in conjunction with the lecture.  Abbie Hoffman discusses the media, the government and his protest activites.</subfield></datafield><datafield ind1=' ' ind2=' ' tag='540'><subfield code='a'>No reproductions authorized.</subfield></datafield><datafield ind1=' ' ind2='0' tag='650'><subfield code='a'>Political participation.</subfield></datafield><datafield ind1=' ' ind2='0' tag='650'><subfield code='a'>Radicalism</subfield><subfield code='z'>United States</subfield><subfield code='y'>20th century.</subfield></datafield><datafield ind1='1' ind2='0' tag='600'><subfield code='a'>Hoffman, Abbie.</subfield></datafield><datafield ind1='1' ind2='7' tag='600'><subfield code='a'>Hoffman, Abbie</subfield><subfield code='2'>fast</subfield><subfield code='0'>(OCoLC)fst00055493</subfield></datafield><datafield ind1=' ' ind2='7' tag='648'><subfield code='a'>1900 - 1999</subfield><subfield code='2'>fast</subfield></datafield><datafield ind1=' ' ind2='7' tag='650'><subfield code='a'>Political participation</subfield><subfield code='2'>fast</subfield><subfield code='0'>(OCoLC)fst01069386</subfield></datafield><datafield ind1=' ' ind2='7' tag='650'><subfield code='a'>Radicalism</subfield><subfield code='2'>fast</subfield><subfield code='0'>(OCoLC)fst01087015</subfield></datafield><datafield ind1=' ' ind2='7' tag='651'><subfield code='a'>United States</subfield><subfield code='2'>fast</subfield><subfield code='0'>(OCoLC)fst01204155</subfield></datafield><datafield ind1='1' ind2=' ' tag='899'><subfield code='a'>CULectures</subfield></datafield><datafield ind1=' ' ind2=' ' tag='905'><subfield code='a'>20000404120000.0</subfield></datafield><datafield ind1='2' ind2=' ' tag='948'><subfield code='a'>20141221</subfield><subfield code='b'>m</subfield><subfield code='d'>batch</subfield><subfield code='e'>lts</subfield><subfield code='x'>addfast</subfield></datafield></record>